@article{Cao:openpose,
  author    = {Zhe Cao and
               Tomas Simon and
               Shih{-}En Wei and
               Yaser Sheikh},
  title     = {Realtime Multi-Person 2D Pose Estimation using Part Affinity Fields},
  journal   = {CoRR},
  volume    = {abs/1611.08050},
  year      = {2016},
  url       = {http://arxiv.org/abs/1611.08050},
  archivePrefix = {arXiv},
  eprint    = {1611.08050},
  timestamp = {Wed, 07 Jun 2017 14:43:08 +0200},
  biburl    = {http://dblp.org/rec/bib/journals/corr/CaoSWS16},
  bibsource = {dblp computer science bibliography, http://dblp.org}
}

@inproceedings{Zisserman:Pose,
            Title={Recurrent Human Pose Estimation},
            Author={Belagiannis, Vasileios and Zisserman, Andrew},
            Booktitle={International Conference on Automatic Face and Gesture Recognition},
            Year={2017},
            Organization={IEEE}
    }
